[gd_scene load_steps=9 format=2]

[ext_resource path="res://sprites/sheet_01_godot.sprites/sheet_01/characters/ally_warrior_face_001.tres" type="Texture" id=1]
[ext_resource path="res://sprites/sheet_01_godot.sprites/sheet_01/characters/ally_warrior_torso_001.tres" type="Texture" id=2]
[ext_resource path="res://sprites/sheet_01_godot.sprites/sheet_01/characters/leg_l_001.tres" type="Texture" id=3]
[ext_resource path="res://sprites/sheet_01_godot.sprites/sheet_01/characters/leg_r_001.tres" type="Texture" id=4]
[ext_resource path="res://sprites/sheet_01_godot.sprites/sheet_01/items/gear/club_002.tres" type="Texture" id=5]

[sub_resource type="Animation" id=1]
resource_name = "attack_01"
length = 0.2
tracks/0/type = "value"
tracks/0/path = NodePath("Weapon:rotation_degrees")
tracks/0/interp = 1
tracks/0/loop_wrap = true
tracks/0/imported = false
tracks/0/enabled = true
tracks/0/keys = {
"times": PoolRealArray( 0, 0.1, 0.2 ),
"transitions": PoolRealArray( 1, 1, 1 ),
"update": 0,
"values": [ 30.0, -17.6863, -79.0753 ]
}
tracks/1/type = "value"
tracks/1/path = NodePath("Weapon:position")
tracks/1/interp = 1
tracks/1/loop_wrap = true
tracks/1/imported = false
tracks/1/enabled = true
tracks/1/keys = {
"times": PoolRealArray( 0, 0.1, 0.2 ),
"transitions": PoolRealArray( 1, 1, 1 ),
"update": 0,
"values": [ Vector2( 0, -30 ), Vector2( -38.8274, -8.65747 ), Vector2( -57.1917, 6.82103 ) ]
}

[sub_resource type="Animation" id=2]
length = 0.3
loop = true
tracks/0/type = "value"
tracks/0/path = NodePath(".:position")
tracks/0/interp = 1
tracks/0/loop_wrap = true
tracks/0/imported = false
tracks/0/enabled = true
tracks/0/keys = {
"times": PoolRealArray( 0, 0.15, 0.3 ),
"transitions": PoolRealArray( 1, 1, 1 ),
"update": 0,
"values": [ Vector2( 0, -0.951 ), Vector2( 0, -15 ), Vector2( 0, 0 ) ]
}

[sub_resource type="RectangleShape2D" id=3]
extents = Vector2( 17.4681, 26.5547 )

[node name="Appearance_Human" type="Node2D"]

[node name="AnimationPlayer" type="AnimationPlayer" parent="."]
root_node = NodePath("../Skeleton")
anims/attack_01 = SubResource( 1 )
anims/walk_01 = SubResource( 2 )

[node name="Skeleton" type="KinematicBody2D" parent="."]
position = Vector2( 0, -2.10803 )

[node name="Head" type="Sprite" parent="Skeleton"]
position = Vector2( 0, -4.05217 )
texture = ExtResource( 1 )

[node name="Torso" type="Sprite" parent="Skeleton"]
position = Vector2( 0, 25.9478 )
texture = ExtResource( 2 )

[node name="Leg_L" type="Sprite" parent="Skeleton"]
position = Vector2( 6.13487, 42.5439 )
texture = ExtResource( 3 )

[node name="Leg_R" type="Sprite" parent="Skeleton"]
position = Vector2( -14.732, 43.7556 )
texture = ExtResource( 4 )

[node name="Weapon" type="Sprite" parent="Skeleton"]
position = Vector2( -57.1917, 6.82103 )
rotation = -1.38012
texture = ExtResource( 5 )

[node name="HitBox" type="CollisionShape2D" parent="Skeleton"]
position = Vector2( -1.5741, 10.4939 )
shape = SubResource( 3 )

